
@article{neymotin2011synaptic,
  title={Synaptic information transfer in computer models of neocortical columns},
  author={Neymotin, Samuel A and Jacobs, Kimberle M and Fenton, Andr{\'e} A and Lytton, William W},
  journal={Journal of computational neuroscience},
  volume={30},
  number={1},
  pages={69--84},
  year={2011},
  publisher={Springer}
}
@article{gourevitch2007evaluating,
  title={Evaluating information transfer between auditory cortical neurons},
  author={Gour{\'e}vitch, Boris and Eggermont, Jos J},
  journal={Journal of Neurophysiology},
  volume={97},
  number={3},
  pages={2533--2543},
  year={2007},
  publisher={Am Physiological Soc}
}
@article{seth2007granger,
  title={Granger causality},
  author={Seth, Anil},
  journal={Scholarpedia},
  volume={2},
  number={7},
  pages={1667},
  year={2007}
}



@ARTICLE{Seth:2007,
AUTHOR = {Seth, A.},
TITLE = {Models of consciousness},
YEAR	= {2007},
JOURNAL	= {Scholarpedia},
VOLUME = {2},
NUMBER = {1},
PAGES = {1328},
NOTE = {revision 132493},
}




@article{kerr2012electrostimulation,
  title={Electrostimulation as a prosthesis for repair of information flow in a computer model of neocortex},
  author={Kerr, Cliff C and Neymotin, Samuel A and Chadderdon, George L and Fietkiewicz, Christopher T and Francis, Joseph T and Lytton, William W},
  journal={Neural Systems and Rehabilitation Engineering, IEEE Transactions on},
  volume={20},
  number={2},
  pages={153--160},
  year={2012},
  publisher={IEEE}
}
@book{sporns2011networks,
  title={Networks of the Brain},
  author={Sporns, Olaf},
  year={2011},
  publisher={MIT press}
}
@article{cutsuridis2010encoding,
  title={Encoding and retrieval in a model of the hippocampal CA1 microcircuit},
  author={Cutsuridis, Vassilis and Cobb, Stuart and Graham, Bruce P},
  journal={Hippocampus},
  volume={20},
  number={3},
  pages={423--446},
  year={2010},
  publisher={Wiley Online Library}
}
@book{carnevale2006neuron,
  title={The NEURON book},
  author={Carnevale, Nicholas T and Hines, Michael L},
  year={2006},
  publisher={Cambridge University Press}
}
@article{gourevitch2007evaluating,
  title={Evaluating information transfer between auditory cortical neurons},
  author={Gour{\'e}vitch, Boris and Eggermont, Jos J},
  journal={Journal of Neurophysiology},
  volume={97},
  number={3},
  pages={2533--2543},
  year={2007},
  publisher={Am Physiological Soc}
}
@article{dayan2001theoretical,
  title={Theoretical neuroscience: Computational and mathematical modeling of neural systems},
  author={Dayan, Peter and Abbott, Laurence F and Abbott, L},
  year={2001},
  publisher={MIT press Cambridge, MA}
}
@article{chklovskii2002wiring,
  title={Wiring optimization in cortical circuits},
  author={Chklovskii, Dmitri B and Schikorski, Thomas and Stevens, Charles F},
  journal={Neuron},
  volume={34},
  number={3},
  pages={341--347},
  year={2002},
  publisher={Elsevier}
}
@article{stiefel2007mapping,
  title={Mapping function onto neuronal morphology},
  author={Stiefel, Klaus M and Sejnowski, Terrence J},
  journal={Journal of neurophysiology},
  volume={98},
  number={1},
  pages={513--526},
  year={2007},
  publisher={Am Physiological Soc}
}
@article{vasilkoski2009detection,
  title={Detection of the optimal neuron traces in confocal microscopy images},
  author={Vasilkoski, Zlatko and Stepanyants, Armen},
  journal={Journal of neuroscience methods},
  volume={178},
  number={1},
  pages={197},
  year={2009},
  publisher={NIH Public Access}
}
@article{watson2006dendritic,
  title={Dendritic architecture of the von Economo neurons},
  author={Watson, Karli K and Jones, Todd K and Allman, John M},
  journal={Neuroscience},
  volume={141},
  number={3},
  pages={1107--1112},
  year={2006},
  publisher={Elsevier}
}
@article{rudolph2005characterization,
  title={Characterization of synaptic conductances and integrative properties during electrically induced EEG-activated states in neocortical neurons in vivo},
  author={Rudolph, Michael and Pelletier, Joe Guillaume and Par{\'e}, Denis and Destexhe, Alain},
  journal={Journal of neurophysiology},
  volume={94},
  number={4},
  pages={2805--2821},
  year={2005},
  publisher={Am Physiological Soc}
}
@ARTICLE{Spruston2009,
AUTHOR = {Spruston, N. },
TITLE   = {Pyramidal neuron},
YEAR	= {2009},
JOURNAL	= {Scholarpedia},
VOLUME  = {4},
NUMBER  = {5},
PAGES   = {6130}
}

@ARTICLE{Aimone2007,
author = {Aimone, J. B. and Jessberger, S.  and Gage, F. H.},
title   = {Adult neurogenesis},
year	= {2007},
journal	= {Scholarpedia},
volume  = {2},
number  = {2},
pages   = {2100}
}

@ARTICLE{Sporns2007,
author = {Sporns, O. },
title   = {Brain connectivity},
year	= 2007,
journal	= Scholarpedia,
volume  = 2,
number  = 10,
pages   = 4695
}


@article{tononi1998consciousness,
  title={Consciousness and complexity},
  author={Tononi, Giulio and Edelman, Gerald M},
  journal={Science},
  volume={282},
  number={5395},
  pages={1846--1851},
  year={1998},
  publisher={American Association for the Advancement of Science}
}


@article{neymotin2011synaptic,
  title={Synaptic information transfer in computer models of neocortical columns},
  author={Neymotin, Samuel A and Jacobs, Kimberle M and Fenton, Andr{\'e} A and Lytton, William W},
  journal={Journal of computational neuroscience},
  volume={30},
  number={1},
  pages={69--84},
  year={2011},
  publisher={Springer}
}
@article{gourevitch2007evaluating,
  title={Evaluating information transfer between auditory cortical neurons},
  author={Gour{\'e}vitch, Boris and Eggermont, Jos J},
  journal={Journal of Neurophysiology},
  volume={97},
  number={3},
  pages={2533--2543},
  year={2007},
  publisher={Am Physiological Soc}
}
@article{seth2007granger,
  title={Granger causality},
  author={Seth, Anil},
  journal={Scholarpedia},
  volume={2},
  number={7},
  pages={1667},
  year={2007}
}

@article{kerr2012electrostimulation,
  title={Electrostimulation as a prosthesis for repair of information flow in a computer model of neocortex},
  author={Kerr, Cliff C and Neymotin, Samuel A and Chadderdon, George L and Fietkiewicz, Christopher T and Francis, Joseph T and Lytton, William W},
  journal={Neural Systems and Rehabilitation Engineering, IEEE Transactions on},
  volume={20},
  number={2},
  pages={153--160},
  year={2012},
  publisher={IEEE}
}
@book{sporns2011networks,
  title={Networks of the Brain},
  author={Sporns, Olaf},
  year={2011},
  publisher={MIT press}
}
@article{cutsuridis2010encoding,
  title={Encoding and retrieval in a model of the hippocampal CA1 microcircuit},
  author={Cutsuridis, Vassilis and Cobb, Stuart and Graham, Bruce P},
  journal={Hippocampus},
  volume={20},
  number={3},
  pages={423--446},
  year={2010},
  publisher={Wiley Online Library}
}
@book{carnevale2006neuron,
  title={The NEURON book},
  author={Carnevale, Nicholas T and Hines, Michael L},
  year={2006},
  publisher={Cambridge University Press}
}
@article{gourevitch2007evaluating,
  title={Evaluating information transfer between auditory cortical neurons},
  author={Gour{\'e}vitch, Boris and Eggermont, Jos J},
  journal={Journal of Neurophysiology},
  volume={97},
  number={3},
  pages={2533--2543},
  year={2007},
  publisher={Am Physiological Soc}
}
@article{dayan2001theoretical,
  title={Theoretical neuroscience: Computational and mathematical modeling of neural systems},
  author={Dayan, Peter and Abbott, Laurence F and Abbott, L},
  year={2001},
  publisher={MIT press Cambridge, MA}
}
@article{chklovskii2002wiring,
  title={Wiring optimization in cortical circuits},
  author={Chklovskii, Dmitri B and Schikorski, Thomas and Stevens, Charles F},
  journal={Neuron},
  volume={34},
  number={3},
  pages={341--347},
  year={2002},
  publisher={Elsevier}
}
@article{stiefel2007mapping,
  title={Mapping function onto neuronal morphology},
  author={Stiefel, Klaus M and Sejnowski, Terrence J},
  journal={Journal of neurophysiology},
  volume={98},
  number={1},
  pages={513--526},
  year={2007},
  publisher={Am Physiological Soc}
}
@article{vasilkoski2009detection,
  title={Detection of the optimal neuron traces in confocal microscopy images},
  author={Vasilkoski, Zlatko and Stepanyants, Armen},
  journal={Journal of neuroscience methods},
  volume={178},
  number={1},
  pages={197},
  year={2009},
  publisher={NIH Public Access}
}
@article{watson2006dendritic,
  title={Dendritic architecture of the von Economo neurons},
  author={Watson, Karli K and Jones, Todd K and Allman, John M},
  journal={Neuroscience},
  volume={141},
  number={3},
  pages={1107--1112},
  year={2006},
  publisher={Elsevier}
}
@article{rudolph2005characterization,
  title={Characterization of synaptic conductances and integrative properties during electrically induced EEG-activated states in neocortical neurons in vivo},
  author={Rudolph, Michael and Pelletier, Joe Guillaume and Par{\'e}, Denis and Destexhe, Alain},
  journal={Journal of neurophysiology},
  volume={94},
  number={4},
  pages={2805--2821},
  year={2005},
  publisher={Am Physiological Soc}
}
@ARTICLE{Spruston2009,
AUTHOR = {Spruston, N. },
TITLE   = {Pyramidal neuron},
YEAR	= 2009,
JOURNAL	= Scholarpedia,
VOLUME  = 4,
NUMBER  = 5,
PAGES   = 6130
}

@article{projectp2011projectpm,
  title={ProjectPM},
  author={ProjectP, M},
  journal={Github},
  year={2011}
}
@article{distasio2010numerical,
  title={Numerical Solutions to the Passive Cable Equation: Using Finite Difference Approximations to Partial Derivatives},
  author={DiStasio, Marcello},
  journal={SUNY Downstate Medical Center and NYU-Poly},
  year={2010}
}
@article{eberhard2006neugen,
  title={NeuGen: A tool for the generation of realistic morphology of cortical neurons and neural networks in 3D},
  author={Eberhard, JP and Wanner, A and Wittum, G},
  journal={Neurocomputing},
  volume={70},
  number={1},
  pages={327--342},
  year={2006},
  publisher={Elsevier}
}
@article{izhikevich2006polychronization,
  title={Polychronization: Computation with spikes},
  author={Izhikevich, Eugene M},
  journal={Neural computation},
  volume={18},
  number={2},
  pages={245--282},
  year={2006},
  publisher={MIT Press}
}
@incollection{rowan2013synaptic,
  title={Synaptic Scaling Balances Learning in a Spiking Model of Neocortex},
  author={Rowan, Mark and Neymotin, Samuel},
  booktitle={Adaptive and Natural Computing Algorithms},
  pages={20--29},
  year={2013},
  publisher={Springer}
}
@article{bargmann2012beyond,
  title={Beyond the connectome: How neuromodulators shape neural circuits},
  author={Bargmann, Cornelia I},
  journal={Bioessays},
  volume={34},
  number={6},
  pages={458--465},
  year={2012},
  publisher={Wiley Online Library}
}
@article{kerr2013cortical,
  title={Cortical information flow in Parkinson's disease: a composite network/field model},
  author={Kerr, Cliff C and Van Albada, Sacha J and Neymotin, Samuel A and Chadderdon, George L and Robinson, PA and Lytton, William W},
  journal={Frontiers in computational neuroscience},
  volume={7},
  year={2013},
  publisher={Frontiers Media SA}
}
@article{ascoli2007neuromorpho,
  title={NeuroMorpho. Org: a central resource for neuronal morphologies},
  author={Ascoli, Giorgio A and Donohue, Duncan E and Halavi, Maryam},
  journal={The Journal of Neuroscience},
  volume={27},
  number={35},
  pages={9247--9251},
  year={2007},
  publisher={Soc Neuroscience}
}
@article{izhikevich2008large,
  title={Large-scale model of mammalian thalamocortical systems},
  author={Izhikevich, Eugene M and Edelman, Gerald M},
  journal={Proceedings of the national academy of sciences},
  volume={105},
  number={9},
  pages={3593--3598},
  year={2008},
  publisher={National Acad Sciences}
}
@article{hopfield1982neural,
  title={Neural networks and physical systems with emergent collective computational abilities},
  author={Hopfield, John J},
  journal={Proceedings of the national academy of sciences},
  volume={79},
  number={8},
  pages={2554--2558},
  year={1982},
  publisher={National Acad Sciences}
}
@article{Buzsaki:2011,
author = {Buzsaki, G. },
title   = {Hippocampus},
year	= {2011},
journal	= {Scholarpedia},
volume = {6},
number  = {1},
pages   = {1468}
}
@article{perin2011synaptic,
  title={A synaptic organizing principle for cortical neuronal groups},
  author={Perin, Rodrigo and Berger, Thomas K and Markram, Henry},
  journal={Proceedings of the National Academy of Sciences},
  volume={108},
  number={13},
  pages={5419--5424},
  year={2011},
  publisher={National Acad Sciences}
}
@article{markram2011innate,
  title={Innate neural assemblies for lego memory},
  author={Markram, Henry and Perin, Rodrigo},
  journal={Frontiers in neural circuits},
  volume={5},
  year={2011},
  publisher={Frontiers Media SA}
}
@book{koch2004biophysics,
  title={Biophysics of Computation: Information Processing in Single Neurons: Information Processing in Single Neurons},
  author={Koch, Christof},
  year={2004},
  publisher={Oxford University Press, USA}
}
@article{Buzsaki:2011,
author = {Buzsaki, G. },
title   = {Hippocampus},
year	= {2011},
journal	= {Scholarpedia},
volume = {6},
number  = {1},
pages   = {1468}
}

@article{Jaeger:2007,
author = {Jaeger, H. },
title   = {Echo state network},
year	= {2007},
journal	= {Scholarpedia},
volume  = {2},
number  = {9},
pages   = {2330}
}

@article{Destexhe:2007,
author = {Destexhe, A. },
title   = {High-conductance state},
year	= {2007},
journal	= {Scholarpedia},
volume  = {2},
number  = {11},
pages   = {1341}
}
@book{striedter2005principles,
  title={Principles of brain evolution.},
  author={Striedter, George F},
  year={2005},
  publisher={Sinauer Associates}
}
@article{mazzoni2008encoding,
  title={Encoding of naturalistic stimuli by local field potential spectra in networks of excitatory and inhibitory neurons},
  author={Mazzoni, Alberto and Panzeri, Stefano and Logothetis, Nikos K and Brunel, Nicolas},
  journal={PLoS Computational Biology},
  volume={4},
  number={12},
  pages={e1000239},
  year={2008},
  publisher={Public Library of Science}
}
@article{torben2008evol,
  title={EvOL-NEURON: Neuronal morphology generation},
  author={Torben-Nielsen, Ben and Tuyls, Karl and Postma, Eric},
  journal={Neurocomputing},
  volume={71},
  number={4},
  pages={963--972},
  year={2008},
  publisher={Elsevier}
}
@article{mainen1996influence,
  title={Influence of dendritic structure on firing pattern in model neocortical neurons},
  author={Mainen, Zachary F and Sejnowski, Terrence J and others},
  journal={Nature},
  volume={382},
  number={6589},
  pages={363--366},
  year={1996}
}
@article{kim2012geometric,
  title={Geometric Theory Predicts Bifurcations in Minimal Wiring Cost Trees in Biology Are Flat},
  author={Kim, Yihwa and Sinclair, Robert and Chindapol, Nol and Kaandorp, Jaap A and De Schutter, Erik},
  journal={PLoS Computational Biology},
  volume={8},
  number={4},
  pages={e1002474},
  year={2012},
  publisher={Public Library of Science}
}
@article{koch2007relation,
  title={The relation between quantum mechanics and higher brain functions: Lessons from quantum computation and neurobiology},
  author={Koch, Christof and Hepp, Klaus},
  journal={California Institute of Technology, Pasadena, CA},
  year={2007}
}
@article{miller2002neural,
  title={Neural noise can explain expansive, power-law nonlinearities in neural response functions},
  author={Miller, Kenneth D and Troyer, Todd W},
  journal={Journal of neurophysiology},
  volume={87},
  number={2},
  pages={653--659},
  year={2002},
  publisher={Am Physiological Soc}
}
@article{hampel2011drosophila,
  title={Drosophila Brainbow: a recombinase-based fluorescence labeling technique to subdivide neural expression patterns},
  author={Hampel, Stefanie and Chung, Phuong and McKellar, Claire E and Hall, Donald and Looger, Loren L and Simpson, Julie H},
  journal={nAture methods},
  volume={8},
  number={3},
  pages={253--259},
  year={2011},
  publisher={Nature Publishing Group}
}
@article{van2000stable,
  title={Stable Hebbian learning from spike timing-dependent plasticity},
  author={Van Rossum, Mark CW and Bi, GQ and Turrigiano, GG},
  journal={The Journal of Neuroscience},
  volume={20},
  number={23},
  pages={8812--8821},
  year={2000},
  publisher={Soc Neuroscience}
}
@article{markram2006blue,
  title={The blue brain project},
  author={Markram, Henry},
  journal={Nature Reviews Neuroscience},
  volume={7},
  number={2},
  pages={153--160},
  year={2006},
  publisher={Nature Publishing Group}
}
@article{bell1997independent,
  title={The "independent components" of natural scenes are edge filters},
  author={Bell, Anthony J and Sejnowski, Terrence J},
  journal={Vision research},
  volume={37},
  number={23},
  pages={3327},
  year={1997},
  publisher={Howard Hughes Medical Institute}
}
@article{hill2012statistical,
  title={Statistical connectivity provides a sufficient foundation for specific functional connectivity in neocortical neural microcircuits},
  author={Hill, Sean L and Wang, Yun and Riachi, Imad and Sch{\"u}rmann, Felix and Markram, Henry},
  journal={Proceedings of the National Academy of Sciences},
  volume={109},
  number={42},
  pages={E2885--E2894},
  year={2012},
  publisher={National Acad Sciences}
}
@article{tononi2006sleep,
  title={Sleep function and synaptic homeostasis},
  author={Tononi, Giulio and Cirelli, Chiara},
  journal={Sleep medicine reviews},
  volume={10},
  number={1},
  pages={49--62},
  year={2006},
  publisher={Elsevier}
}
@article{boksa2012abnormal,
  title={Abnormal synaptic pruning in schizophrenia: Urban myth or reality?},
  author={Boksa, Patricia},
  journal={Journal of psychiatry \& neuroscience: JPN},
  volume={37},
  number={2},
  pages={75},
  year={2012},
  publisher={Canadian Medical Association}
}
@article{stevens1996information,
  title={Information through a spiking neuron},
  author={Stevens, C and Zador, Anthony},
  journal={Advances in neural information processing systems},
  pages={75--81},
  year={1996},
  publisher={Morgan Kaufmann Publishers}
}
@article{stevens1996information,
  title={Information through a spiking neuron},
  author={Stevens, C and Zador, Anthony},
  journal={Advances in neural information processing systems},
  pages={75--81},
  year={1996},
  publisher={Morgan Kaufmann Publishers}
}
@article{panchin2000short,
  title={Short-circuited neuron: a note},
  author={Panchin, YV and Kelmanson, IV},
  journal={Neuroscience},
  volume={96},
  number={3},
  pages={597--599},
  year={2000},
  publisher={Elsevier}
}
@article{chung2013structural,
  title={Structural and molecular interrogation of intact biological systems},
  author={Chung, Kwanghun and Wallace, Jenelle and Kim, Sung-Yon and Kalyanasundaram, Sandhiya and Andalman, Aaron S and Davidson, Thomas J and Mirzabekov, Julie J and Zalocusky, Kelly A and Mattis, Joanna and Denisin, Aleksandra K and others},
  journal={Nature},
  year={2013},
  publisher={Nature Publishing Group}
}
@article{chung2013structural,
  title={Structural and molecular interrogation of intact biological systems},
  author={Chung, Kwanghun and Wallace, Jenelle and Kim, Sung-Yon and Kalyanasundaram, Sandhiya and Andalman, Aaron S and Davidson, Thomas J and Mirzabekov, Julie J and Zalocusky, Kelly A and Mattis, Joanna and Denisin, Aleksandra K and others},
  journal={Nature},
  year={2013},
  publisher={Nature Publishing Group}
}
@article{lizier2012local,
  title={Local measures of information storage in complex distributed computation},
  author={Lizier, Joseph T and Prokopenko, Mikhail and Zomaya, Albert Y},
  journal={Information Sciences},
  volume={208},
  pages={39--54},
  year={2012},
  publisher={Elsevier}
}
@article{london2005dendritic,
  title={Dendritic computation},
  author={London, Michael and H{\"a}usser, Michael},
  journal={Annu. Rev. Neurosci.},
  volume={28},
  pages={503--532},
  year={2005},
  publisher={Annual Reviews}
}
@article{Berzhanskaya:2008,
  title={Computational neuroanatomy},
  author={Berzhanskaya, J.  and Ascoli, G. },
  journal={Scholarpedia},
  volume={3},
  pages={1313},
  year={2008}
}
@article{Prinz:2011,
  author = {Prinz, A. A. and Cudmore, R. H.},
  title = {Dynamic clamp}, 
  journal = {Scholarpedia},
  volume = {6},
  number = {5},
  pages = {1470},
  note = {revision 138328},
  year = {2011}
} 
@book{lytton2002computer,
  title={From computer to brain},
  author={Lytton, William W},
  year={2002},
  publisher={Springer}
}

@article{longair2011simple,
  title={Simple Neurite Tracer: open source software for reconstruction, visualization and analysis of neuronal processes},
  author={Longair, Mark H and Baker, Dean A and Armstrong, J Douglas},
  journal={Bioinformatics},
  volume={27},
  number={17},
  pages={2453--2454},
  year={2011},
  publisher={Oxford Univ Press}
}
@article{zipser1993spiking,
  title={A spiking network model of short-term active memory},
  author={Zipser, David and Kehoe, Brandt and Littlewort, Gwen and Fuster, Joaquin},
  journal={The Journal of neuroscience},
  volume={13},
  number={8},
  pages={3406--3420},
  year={1993},
  publisher={Soc Neuroscience}
}
@article{lancichinetti2009community,
  title={Community detection algorithms: a comparative analysis},
  author={Lancichinetti, Andrea and Fortunato, Santo},
  journal={Physical review E},
  volume={80},
  number={5},
  pages={056117},
  year={2009},
  publisher={APS}
}
@article{kreuz2012monitoring,
  title={Monitoring spike train synchrony},
  author={Kreuz, Thomas and Chicharro, Daniel and Houghton, Conor and Andrzejak, Ralph G and Mormann, Florian},
  journal={arXiv preprint arXiv:1209.6604},
  year={2012}
}
@article{turing1936computable,
  title={On computable numbers, with an application to the Entscheidungsproblem},
  author={Turing, Alan Mathison},
  journal={J. of Math},
  volume={58},
  pages={345--363},
  year={1936}
}
@article{rall1964theoretical,
  title={Theoretical significance of dendritic trees for neuronal input-output relations},
  author={Rall, Wilfrid},
  journal={Neural theory and modeling},
  pages={73--97},
  year={1964}
}
@book{destexhe2012neuronal,
  title={Neuronal noise},
  author={Destexhe, Alain and Rudolph-Lilith, Michelle},
  volume={8},
  year={2012},
  publisher={Springer}
}
@article{yi2013exploring,
  title={Exploring how extracellular electric field modulates neuron activity through dynamical analysis of a two-compartment neuron model},
  author={Yi, Guo-Sheng and Wang, Jiang and Wei, Xi-Le and Tsang, Kai-Ming and Chan, Wai-Lok and Deng, Bin and Han, Chun-Xiao},
  journal={Journal of computational neuroscience},
  pages={1--17},
  year={2013},
  publisher={Springer}
}
@article{markram2006blue,
  title={The blue brain project},
  author={Markram, Henry},
  journal={Nature Reviews Neuroscience},
  volume={7},
  number={2},
  pages={153--160},
  year={2006},
  publisher={Nature Publishing Group}
}
@article{kerr2013multiscale,
  title={Multiscale modeling of cortical information flow in Parkinson's disease},
  author={Kerr, Cliff C and van Albada, Sacha J and Neymotin, Samuel A and Chadderdon III, George L and Robinson, Peter A and Lytton, William W},
  journal={BMC Neuroscience},
  volume={14},
  number={Suppl 1},
  pages={O21},
  year={2013},
  publisher={BioMed Central Ltd}
}
@article{carnevale1997comparative,
  title={Comparative electrotonic analysis of three classes of rat hippocampal neurons},
  author={Carnevale, Nicholas T and Tsai, Kenneth Y and Claiborne, Brenda J and Brown, Thomas H},
  journal={Journal of neurophysiology},
  volume={78},
  number={2},
  pages={703--720},
  year={1997},
  publisher={[Bethesda, MD, etc.] American Physiological Society [etc.]}
}

@article{hines2008translating,
  title={Translating network models to parallel hardware in NEURON},
  author={Hines, Michael L and Carnevale, N Ted},
  journal={Journal of neuroscience methods},
  volume={169},
  number={2},
  pages={425--455},
  year={2008},
  publisher={Elsevier}
}
@article{hines2008translating,
  title={Translating network models to parallel hardware in NEURON},
  author={Hines, Michael L and Carnevale, N Ted},
  journal={Journal of neuroscience methods},
  volume={169},
  number={2},
  pages={425--455},
  year={2008},
  publisher={Elsevier}
}
@article{pfeffer2013inhibition,
  title={Inhibition of inhibition in visual cortex: the logic of connections between molecularly distinct interneurons},
  author={Pfeffer, Carsten K and Xue, Mingshan and He, Miao and Huang, Z Josh and Scanziani, Massimo},
  journal={Nature neuroscience},
  volume={16},
  number={8},
  pages={1068--1076},
  year={2013},
  publisher={Nature Publishing Group}
}
@article{huntsman1999reciprocal,
  title={Reciprocal inhibitory connections and network synchrony in the mammalian thalamus},
  author={Huntsman, Molly M and Porcello, Darrell M and Homanics, Gregg E and DeLorey, Timothy M and Huguenard, John R},
  journal={Science},
  volume={283},
  number={5401},
  pages={541--543},
  year={1999},
  publisher={American Association for the Advancement of Science}
}
@online{George_Mason_University,
  title={The Neuron Atlas {@ONLINE}},
  month=May,
  year={2013},
  url={http://neuromorpho.org/neuroMorpho/LS_Video.jsp}
}

@article{hu2009distinct,
  title={Distinct contributions of Nav1. 6 and Nav1. 2 in action potential initiation and backpropagation},
  author={Hu, Wenqin and Tian, Cuiping and Li, Tun and Yang, Mingpo and Hou, Han and Shu, Yousheng},
  journal={Nature neuroscience},
  volume={12},
  number={8},
  pages={996--1002},
  year={2009},
  publisher={Nature Publishing Group}
}
@article{lytton1996optimizing,
  title={Optimizing synaptic conductance calculation for network simulations},
  author={Lytton, William W},
  journal={Neural Computation},
  volume={8},
  number={3},
  pages={501--509},
  year={1996},
  publisher={MIT Press}
}
@article{destexhe1994efficient,
  title={An efficient method for computing synaptic conductances based on a kinetic model of receptor binding},
  author={Destexhe, Alain and Mainen, Zachary F and Sejnowski, Terrence J},
  journal={Neural Computation},
  volume={6},
  number={1},
  pages={14--18},
  year={1994},
  publisher={MIT Press}
}
@article{Cannon2014,
abstract = {Computational models are increasingly important for studying complex neurophysiological systems. As scientific tools, it is essential that such models can be reproduced and critically evaluated by a range of scientists. However, published models are currently implemented using a diverse set of modeling approaches, simulation tools, and computer languages making them inaccessible and difficult to reproduce. Models also typically contain concepts that are tightly linked to domain-specific simulators, or depend on knowledge that is described exclusively in text-based documentation. To address these issues we have developed a compact, hierarchical, XML-based language called LEMS (Low Entropy Model Specification), that can define the structure and dynamics of a wide range of biological models in a fully machine readable format. We describe how LEMS underpins the latest version of NeuroML and show that this framework can define models of ion channels, synapses, neurons and networks. Unit handling, often a source of error when reusing models, is built into the core of the language by specifying physical quantities in models in terms of the base dimensions. We show how LEMS, together with the open source Java and Python based libraries we have developed, facilitates the generation of scripts for multiple neuronal simulators and provides a route for simulator free code generation. We establish that LEMS can be used to define models from systems biology and map them to neuroscience-domain specific simulators, enabling models to be shared between these traditionally separate disciplines. LEMS and NeuroML 2 provide a new, comprehensive framework for defining computational models of neuronal and other biological systems in a machine readable format, making them more reproducible and increasing the transparency and accessibility of their underlying structure and properties.},
author = {Cannon, Robert C and Gleeson, Padraig and Crook, Sharon and Ganapathy, Gautham and Marin, Boris and Piasini, Eugenio and Silver, R Angus},
doi = {10.3389/fninf.2014.00079},
file = {:Users/tclose/References/Cannon et al/Frontiers in neuroinformatics/Cannon et al. - 2014 - LEMS a language for expressing complex biological models in concise and hierarchical form and its use in underpin.pdf:pdf},
issn = {1662-5196},
journal = {Frontiers in neuroinformatics},
keywords = {model description language,model description language, standardization, simulation, spiking neural networks, model sharing,model sharing,simulation,spiking neural networks,standardization},
mendeley-groups = {Software/Modelling/Neuroinformatics},
month = jan,
number = {September},
pages = {79},
pmid = {25309419},
title = {{LEMS: a language for expressing complex biological models in concise and hierarchical form and its use in underpinning NeuroML 2.}},
url = {http://www.pubmedcentral.nih.gov/articlerender.fcgi?artid=4174883\&tool=pmcentrez\&rendertype=abstract},
volume = {8},
year = {2014}
}
